This file was created with JabRef 2.0.1.
Encoding: ANSI_X3.4-1968

@BOOK{Ydiag,
  title = {High Level Synthesis - Introduction to chip and system desing},
  publisher = {Kluwer Academic Publisher},
  year = {1992},
  author = {D.Gajski et al.},
}

@BOOK{appel,
  title = {Modern Compiler Implementation in Java},
  publisher = {Cambridge University Press},
  year = {1998},
  author = {Andrew W. Appel},
  bibsource = {DBLP, http://dblp.uni-trier.de},
  isbn = {0-521-58388-8},
}

@BOOK{ISP,
  title = {Computer structures: Readings and Examples},
  publisher = {McGraw-Hill},
  year = {1971},
  author = {Alan Newell C. Gordon Bell},
}

@ARTICLE{path3,
  author = {Raul Camposano Reinaldo A. Bergamaschi and Micheal Payer},
  title = {Area and performance optimizations in path--based scheduling},
  journal = {IEEE},
  year = {1991},
  pages = {304-310},
}

@ARTICLE{back3,
  author = {JamesR. Bitner and edward M. Reingold},
  title = {Backtrack Programming Techniques},
  journal = {Communications of the ACM},
  year = {1975},
  volume = {18 (11)},
  pages = {651-656},
  owner = {mark},
  timestamp = {2006.06.25},
}

@MASTERSTHESIS{fsmd3,
  author = {Luca Brambilla},
  title = {Una Metodologia per la Sintesi ad Alto Livello dell'Unit\'a di controllo
	di un sistema dedicato},
  school = {Politecnico di Milano},
  year = {2005},
  owner = {mark},
  timestamp = {2006.06.22},
}

@INCOLLECTION{ASAP2,
  author = {C.H.Genotys and M.I.Elmasry},
  title = {A VLSI methodology with testability constraints},
  booktitle = {Proc. 1987 Canadian Conference VLSI},
  year = {1987},
  month = {October},
}

@INCOLLECTION{ASAP1,
  author = {C.J.Tseng and D.P.Siewiorek},
  title = {Automatic Synthesis of Data Path on Digital Systems},
  booktitle = {IEEE Transaction on Computer - Aided Design of Integrated Circuits
	and Systems},
  year = {1986},
  volume = {5},
  number = {3},
  pages = {379-395},
  month = {July},
}

@INCOLLECTION{iter,
  author = {I-C.Park and C-M.Kyung},
  title = {Fast and Near Optimal Scheduling in Automatic Data Path Synthesis},
  booktitle = {Proc.of the 28th DAC},
  year = {1991},
  pages = {680-685},
}

@INPROCEEDINGS{path2,
  author = {Reinaldo A. Bergamaschi Raul Camposano},
  title = {Synthesys using path based scheduling},
  booktitle = {ACM/IEEE Design Automation Conference},
  year = {1990},
  volume = {25},
  number = {2},
  pages = {450-455},
}

@CONFERENCE{lb,
  author = {Scott Davidson and David Landskov and Bruce Shriver and Patrick W.
	Mallett},
  title = {Some Experiments in Local Microcode Compaction for Horizontal Machines},
  booktitle = {IEEE Transactions on Computer C-32},
  year = {1981},
  volume = {7},
  pages = {460-477},
  month = {July},
  owner = {mark},
  timestamp = {2006.06.14},
}

@MISC{panda,
  author = {$\mu$-lab - Dipartimento di Elettronica e Informazione - Politecnico
	di Milano},
  title = {PandA Project},
  howpublished = {http://savane.elet.polimi.it/panda/index.shtml},
  year = {2006},
  owner = {mark},
  timestamp = {2006.06.22},
}

@MISC{gcc,
  author = {Free Software Foundation},
  title = {GNU GCC},
  howpublished = {http://gcc.gnu.org},
  year = {2006},
  owner = {mark},
  timestamp = {2006.06.22},
}

@UNPUBLISHED{fsmd2,
  author = {Franco Fummi and Mariagiovanna Sami},
  title = {Il progetto funzionale: l'approccio controlore-datapath},
  owner = {mark},
  timestamp = {2006.06.22},
}

@ARTICLE{fsmd1,
  author = {Daniel D. Gajski and Loganath Ramachandran},
  title = {Introduction to High-Level Synthesis},
  journal = {IEEE Design and Test of Computers},
  year = {1994},
  volume = {11},
  pages = {44-54},
  number = {4},
  address = {Los Alamitos, CA, USA},
  doi = {http://doi.ieeecomputersociety.org/10.1109/54.329454},
  issn = {0740-7475},
  publisher = {IEEE Computer Society},
}

@ARTICLE{back2,
  author = {Solomon W. Golomb and Leonard D. Baumert},
  title = {Backtrack Programming},
  journal = {Journal of the Association for Computing Machinery},
  year = {1965},
  volume = {12 (4)},
  pages = {516-524},
  owner = {mark},
  timestamp = {2006.06.25},
}

@INPROCEEDINGS{allcostr1,
  author = {C.Y. Hitchcock and D.E. Thomas},
  title = {A Method of Automatic Data Path Synthesis},
  booktitle = {Proceedings of the Design Automation Conference (DAC)},
  year = {1983},
  pages = {484-489},
  month = {June},
}

@INCOLLECTION{ilp,
  author = {J.Lee, Y.Hsu and Y.Lin},
  title = {A new Integer Linear Programming Formulation for Scheduling Problem
	in Data--Path Synthesis},
  booktitle = {Proc.of the Int.conf.on Computer--Aided Design},
  year = {1989},
  pages = {20-23},
}

@INBOOK{part,
  pages = {291-307},
  title = {An Efficient Heuristic procedure for partitioning graphs},
  year = {1970},
  author = {K.H.Kernighan and S.Lin},
  volume = {49},
  series = {Bell system technical journal},
  month = {February},
}

@INPROCEEDINGS{allcostr2,
  author = {K. Kucukcakar and A.C. Parker},
  title = {Data Path tradeoff using MABAL},
  booktitle = {Proceedings of the Design Automation Conference (DAC)},
  year = {1990},
  pages = {511-516},
}

@CONFERENCE{fd2,
  author = {P. G. Paulin and J. P. Knight},
  title = {Force-directed Scheduling for the Behavioral Synthesis of Asic's},
  booktitle = {IEEE Transaction on CAD},
  year = {1989},
  volume = {CAD-8},
  number = {6},
  pages = {671-679},
  month = {july},
  owner = {mark},
  timestamp = {2006.06.07},
}

@CONFERENCE{fd1,
  author = {P. G. Paulin and J. P. Knight},
  title = {Force-directed scheduing in automatic data path synthesis},
  booktitle = {Proceedings of the 24th ACM/IEEE conference on Design automation},
  year = {1987},
  pages = {195-202},
  publisher = {ACM Press},
  owner = {mark},
  timestamp = {2006.06.07},
}

@CONFERENCE{hal,
  author = {P. G. Paulin and J. P. Knight and E. F. Girczyc},
  title = {HAL: A Multiparadigm Approach to Automatic Data Path Synthesis},
  booktitle = {Proceedings of the 24th ACM/IEEE conference on Design automation},
  year = {1986},
  month = {July},
  owner = {mark},
  timestamp = {2006.06.07},
}

@INCOLLECTION{path1,
  author = {S.Devadas and A.R.Newton},
  title = {Algorithm for allocation in datapath synthesis},
  booktitle = {IEEE Trans.on CAD of Integ.Cir.and System},
  year = {1989},
  volume = {8},
  pages = {768-781},
  month = {July},
}

@INPROCEEDINGS{back1,
  author = {R. J. Walker},
  title = {An enumerative techinque for class of combinatorial problems},
  booktitle = {Combinatorial Analysis (Proceedings of Symposium in Applied Mathematicc)},
  year = {1960},
  volume = {X},
  pages = {91-94},
  address = {Providence, Rhode Island},
  publisher = {American Mathematical Society},
  owner = {mark},
  timestamp = {2006.06.25},
}

@Misc{SystemC,
  title = {Open SystemC Initiative (OSCI)},
  howpublished = {http://www.systemc.org},
}

@InCollection{static,
  author = {R.Jain,A.Mujumdar,A.Sharma and H.Wang},
  title = {Empirical evaluation of some high--level synthesis scheduling heuristics},
  booktitle = {Proc.of 28th DAC},
  pages = {210-215},
  year = {1991},
}

@ARTICLE{moore,
  author = {Gordon E. Moore},
  title = {Cramming more components onto integrated circuits},
  journal = {IEEE Design and Test of Computers},
  year = {1965},
  volume = {38},
  pages = {114-117},
}

@MISC{boost,
  title = {boost c++ libraries},
  howpublished = {www.boost.org},
  year = {2006},
  owner = {mark},
  timestamp = {2006.06.22},
}
