@article{Koren,
  author = {Koren, Yehuda},
  title = {Factor in the neighbors: Scalable and accurate collaborative filtering},
  journal = {ACM Trans. Knowl. Discov. Data},
  volume = {4},
  number = {1},
  year = {2010},
  issn = {1556-4681},
  pages = {1--24},
  note = {\url{http://doi.acm.org/10.1145/1644873.1644874}},
  publisher = {ACM},
  address = {New York, NY, USA},
}

@inproceedings{1511352,
  author = {Hu, Yifan and Koren, Yehuda and Volinsky, Chris},
  title = {Collaborative Filtering for Implicit Feedback Datasets},
  booktitle = {ICDM '08: Proceedings of the 2008 Eighth IEEE International Conference on Data Mining},
  year = {2008},
  isbn = {978-0-7695-3502-9},
  pages = {263--272},
  note = {\url{http://dx.doi.org/10.1109/ICDM.2008.22}},
  publisher = {IEEE Computer Society},
  address = {Washington, DC, USA},
}

@mastersthesis{ZoccaRestelli,
  author = {Restelli, Matteo and Zocca, Martino},
  title = {Analisi e correzione dell'eccessiva dinamicità delle liste di raccomandazione},
  school = {Politecnico di Milano},
  year = {2010},
}

@misc{OSWorkshop,
  author = {van Setten, Mark and Reitsma, Jaap and Brussee, Rogier},
  title = {Open Source Recommender System Software Workshop},
  howpublished = {\url{http://www.duineframework.org/osworkshop/index.html}},
}

@misc{Duine,
  author = {Telematica Instituut/Novay},
  title = {Duine Framework},
  howpublished = {\url{http://www.duineframework.org/}},
}

@misc{Mahout,
  author = {The Apache Software Foundation},
  title = {Mahout, a scalable machine learning and data mining library},
  howpublished = {\url{http://mahout.apache.org/}},
}

@misc{Hadoop,
  author = {The Apache Software Foundation},
  title = {Hadoop, open-source software for reliable, scalable, distributed computing},
  howpublished = {\url{http://hadoop.apache.org/}},
}

@article{Adomavicius:2005:TNG:1070611.1070751,
  author = {Adomavicius, Gediminas and Tuzhilin, Alexander},
  title = {Toward the Next Generation of Recommender Systems: A Survey of the State-of-the-Art and Possible Extensions},
  journal = {IEEE Trans. on Knowl. and Data Eng.},
  volume = {17},
  issue = {6},
  month = {June},
  year = {2005},
  issn = {1041-4347},
  pages = {734--749},
  numpages = {16},
  url = {http://dx.doi.org/10.1109/TKDE.2005.99},
  note = {\url{http://dx.doi.org/10.1109/TKDE.2005.99}},
  acmid = {1070751},
  publisher = {IEEE Educational Activities Department},
  address = {Piscataway, NJ, USA},
  keywords = {Recommender systems, collaborative filtering, rating estimation methods, extensions to recommender systems.},
}

@inproceedings{Intro,
  author = {Turrin, Roberto and Cremonesi, Paolo},
  title = {Recommender Systems for Interactive TV},
  booktitle = {8th European Conference on Interactive TV and Video},
  year = {2010},
  month = {June},
  address = {Tampere, Finland},
}

@article{Deshpande:2004:ITN:963770.963776,
 author = {Deshpande, Mukund and Karypis, George},
 title = {Item-based top-N recommendation algorithms},
 journal = {ACM Trans. Inf. Syst.},
 volume = {22},
 issue = {1},
 month = {January},
 year = {2004},
 issn = {1046-8188},
 pages = {143--177},
 numpages = {35},
 url = {http://doi.acm.org/10.1145/963770.963776},
 note = {\url{http://doi.acm.org/10.1145/963770.963776}},
 acmid = {963776},
 publisher = {ACM},
 address = {New York, NY, USA},
 keywords = {e-commerce, predicting user behavior, world wide web},
}

@misc{Taste,
  author = {Sean Owen},
  title = {Taste, Open source recommendation engine in Java},
  howpublished = {\url{http://blogs.sun.com/plamere/entry/open_source_recommendation_engine_in}},
}

@misc{Netflix,
  title = {Netflix},
  howpublished = {\url{http://www.netflix.com/}},
}

@misc{NetflixComp,
  title = {Netflix Prize},
  howpublished = {\url{http://www.netflixprize.com/}},
}